@article{Richard1991,
author = {Richard, Michael D. and Lippmann, Richard P.},
doi = {10.1162/neco.1991.3.4.461},
issn = {0899-7667},
journal = {Neural Computation},
month = dec,
number = {4},
pages = {461--483},
title = {{Neural Network Classifiers Estimate Bayesian a posteriori Probabilities}},
url = {http://www.mitpressjournals.org/doi/abs/10.1162/neco.1991.3.4.461},
volume = {3},
year = {1991}
}
@book{Russell:2009:AIM:1671238,
address = {Upper Saddle River, NJ, USA},
author = {Russell, Stuart and Norvig, Peter},
edition = {3rd},
isbn = {0136042597, 9780136042594},
publisher = {Prentice Hall Press},
title = {{Artificial Intelligence: A Modern Approach}},
year = {2009}
}
@article{viterbi1967error,
author = {Viterbi, Andrew J},
journal = {Information Theory, IEEE Transactions on},
number = {2},
pages = {260--269},
publisher = {IEEE},
title = {{Error bounds for convolutional codes and an asymptotically optimum decoding algorithm}},
volume = {13},
year = {1967}
}
